<record><leader>00000cas a22000007a 4500</leader><controlfield tag="001">19901863</controlfield><controlfield tag="008">890620d19671991mouwr ne      0    0eng d</controlfield><datafield ind1=" " ind2=" " tag="010"><subfield code="a">sn 89066410 </subfield></datafield><datafield ind1=" " ind2=" " tag="040"><subfield code="a">MQN</subfield><subfield code="b">eng</subfield><subfield code="c">MQN</subfield><subfield code="d">NSD</subfield><subfield code="d">MQN</subfield><subfield code="d">OCLCQ</subfield></datafield><datafield ind1=" " ind2=" " tag="042"><subfield code="a">msc</subfield></datafield><datafield ind1="0" ind2="0" tag="245"><subfield code="a">Portageville Missourian.</subfield></datafield><datafield ind1=" " ind2=" " tag="260"><subfield code="a">Portageville, New Madrid County, Mo. :</subfield><subfield code="b">Ralph N. Hawkins,</subfield><subfield code="c">1967-1991.</subfield></datafield><datafield ind1=" " ind2=" " tag="300"><subfield code="a">v.</subfield></datafield><datafield ind1=" " ind2=" " tag="310"><subfield code="a">Weekly</subfield></datafield><datafield ind1="0" ind2=" " tag="362"><subfield code="a">72nd year, no. 19 (May 11, 1967)-96th year, no. 17 (Apr. 25, 1991).</subfield></datafield><datafield ind1=" " ind2=" " tag="752"><subfield code="a">United States</subfield><subfield code="b">Missouri</subfield><subfield code="c">New Madrid</subfield><subfield code="d">Portageville.</subfield></datafield><datafield ind1="0" ind2="0" tag="780"><subfield code="t">Portageville southeast Missourian</subfield><subfield code="w">(DLC)sn 89066409</subfield></datafield><datafield ind1="0" ind2="7" tag="785"><subfield code="t">Portageville review</subfield><subfield code="w">(DLC)sn 89066388</subfield></datafield><datafield ind1="0" ind2="7" tag="785"><subfield code="t">Missourian review</subfield><subfield code="x">1056-9464</subfield><subfield code="w">(DLC)sn 91061112</subfield></datafield></record>